<?xml version="1.0" encoding="UTF-8"?><collection xmlns="http://www.loc.gov/MARC21/slim"><record><leader>00338nam--2200133-i-4500</leader><controlfield tag="001">000032757</controlfield><controlfield tag="002">20161230</controlfield><controlfield tag="005">20161230201039</controlfield><controlfield tag="008">060222s1000------------r-----000-0-eng-d</controlfield><datafield ind1=" " ind2=" " tag="080"><subfield code="a">5:62</subfield></datafield><datafield ind1=" " ind2=" " tag="245"><subfield code="a">Modern science and technology</subfield></datafield><datafield ind1=" " ind2=" " tag="260"><subfield code="a">Princeton, D.Van Nostrand Co.Inc., 1965, Xiv + 746p</subfield></datafield><datafield ind1=" " ind2=" " tag="700"><subfield code="a">Colborn, Robert</subfield></datafield><datafield ind1=" " ind2=" " tag="852"><subfield code="a">77659</subfield></datafield></record></collection>